[gd_scene load_steps=29 format=2]

[ext_resource path="res://icon.png" type="Texture" id=1]
[ext_resource path="res://elements/PropertiesEditor/PropertiesManager.tscn" type="PackedScene" id=2]

[sub_resource type="GDScript" id=1]
script/source = "extends KinematicBody2D

export (float) var jumpForce = 500
export (float) var grav = 400
export (float) var fallMult = 2.5

export (float) var maxWalk = 500

export (float) var timeToMaxSpeed = .25
export (float) var timeToStop = .1

export (float) var airTimePower = .25

export(String, \"RED\",\"YELLOW\",\"BLUE\",\"WHITE\",\"BLACK\") var myColor = \"RED\"

var editable = [
	{\"name\":\"jumpForce\",\"type\":\"float\",\"range\":[0,1000]},
	{\"name\":\"grav\",\"type\":\"float\",\"range\":[0,1000]},
	{\"name\":\"fallMult\",\"type\":\"float\",\"range\":[0,5]},
	{\"name\":\"maxWalk\",\"type\":\"float\",\"range\":[0,1000]},
	{\"name\":\"timeToMaxSpeed\",\"type\":\"float\",\"range\":[0,5]},
	{\"name\":\"timeToStop\",\"type\":\"float\",\"range\":[0,5]},
	{\"name\":\"airTimePower\",\"type\":\"float\",\"range\":[0,2]},
	{\"name\":\"Red\",\"type\":\"button\",\"message\":\"RED\",\"callback\":\"newColor\"},
	{\"name\":\"Yellow\",\"type\":\"button\",\"message\":\"YELLOW\",\"callback\":\"newColor\"},
	{\"name\":\"Blue\",\"type\":\"button\",\"message\":\"BLUE\",\"callback\":\"newColor\"},
]

var slowRate = INF
var speedRate = INF


func _ready():
	newColor(null,myColor)
	recalcRates()
	pass # Replace with function body.

var jumpCount = 0
func getControls():
	var output = {
		\"up\":Input.is_action_pressed(\"jump\"),
		\"jump\":Input.is_action_just_pressed(\"jump\"),
		\"direction\":int(Input.is_action_pressed(\"right\"))- int(Input.is_action_pressed(\"left\"))
	}
	if Input.is_action_just_pressed(\"jump\"):
		jumpCount = jumpCount + 1
		print(\"jump just pressed:\" + String(jumpCount))
	return output

var stand = \"stand\"
var walk = \"walk\"
var air = \"air\"
var state = stand

var speed = Vector2()

var grounded = false
var groundedOld = false
var groundedNew = false

func changeState(newState):
	state = newState
	pass


#var colors = [Color(1,0,0),Color(0,1,0),Color(0,0,1)]
#var colorI = 0
#func changeColor():
#	colorI = (colorI + 1) % colors.size()
#	$Sprite.changeColor(colors[colorI])

func newColor(label,value):
	var newInk = Inks[value]
	$Sprite.changeColor(newInk.color)
	collision_layer = newInk.phy | Inks.PhyLayers.CHARACTER
	collision_mask = newInk.phy | Inks.PhyLayers.CHARACTER
	
#	print(\"error new color not yet ready\",label,value)

var colorTrigger = 0
func _process(delta):
	recalcRates() #detect change? not too much math per frame so w/e
#	colorTrigger = colorTriggerpp + delta
#	if(colorTrigger > $Sprite.transitionTime):
#		colorTrigger = 0
#		changeColor()
		

func _physics_process(delta):
	var speedActual = speedRate * delta
	var slowActual = slowRate * delta

	var controls = getControls()
	
	
	#this state machine sucks
	
	if state == stand:
		
		#slowing system
		if( slowActual > abs(speed.x)): speed.x = 0
		elif speed.x > 0: speed.x -= slowActual
		elif speed.x < 0: speed.x += slowActual
		
		#stateShifts
		if controls.direction && grounded:
			changeState( walk )
		if controls.jump && grounded:
			speed.y = -jumpForce
			changeState( air)

	elif state == walk:
		if controls.direction:
			speed.x += controls.direction * speedActual
			speed.x = clamp(speed.x , -maxWalk , maxWalk)
		if controls.jump && not grounded:
			print(\"jumped but not grounded?\")
		if controls.jump && groundedNew:
			speed.y = -jumpForce
			changeState( air)
		if controls.direction == 0:
			changeState( stand)
		pass
	elif state == air:
		if controls.direction:
			speed.x += controls.direction * speedActual * airTimePower
			speed.x = clamp(speed.x , -maxWalk , maxWalk)
		
		if grounded:
			changeState( stand )
	if not grounded:
		if speed.y < 0  && controls.up:
			speed.y = speed.y + (grav * delta)
		else:
			speed.y = speed.y + (fallMult * grav * delta)
	#print(speed)
	
	speed = move_and_slide(speed,Vector2(0,-1))
	
	groundedOld = grounded
	grounded = is_on_floor()
	groundedNew = groundedOld or grounded
	#grounded = groundedNew or groundedOld
	
	$Sprite.material.set_shader_param(\"TransitionTime\",$Sprite.material.get_shader_param(\"TransitionTime\") + (delta*3))
	
func recalcRates():
	if timeToStop != 0:
		slowRate = maxWalk / timeToStop
	if timeToMaxSpeed != 0:
		speedRate = maxWalk / timeToMaxSpeed


func isPlayer():
	return true"

[sub_resource type="RectangleShape2D" id=2]
extents = Vector2( 32, 54 )

[sub_resource type="VisualShaderNodeColorUniform" id=3]
uniform_name = "New_Color"

[sub_resource type="VisualShaderNodeColorUniform" id=4]
uniform_name = "Old_Color"

[sub_resource type="VisualShaderNodeVectorDecompose" id=5]

[sub_resource type="VisualShaderNodeTextureUniform" id=6]
uniform_name = "Noise"

[sub_resource type="VisualShaderNodeScalarFunc" id=7]
function = 14

[sub_resource type="VisualShaderNodeScalarOp" id=8]
operator = 1

[sub_resource type="VisualShaderNodeScalarUniform" id=9]
uniform_name = "TransitionTime"

[sub_resource type="VisualShaderNodeScalarOp" id=10]

[sub_resource type="VisualShaderNodeVectorInterp" id=11]

[sub_resource type="VisualShaderNodeScalarOp" id=12]
default_input_values = [ 0, 0.0, 1, 1.0 ]
operator = 7

[sub_resource type="VisualShaderNodeScalarOp" id=13]
operator = 6

[sub_resource type="VisualShaderNodeTextureUniform" id=14]
uniform_name = "Sprite"

[sub_resource type="VisualShaderNodeScalarOp" id=15]
default_input_values = [ 0, 0.0, 1, 2.0 ]
operator = 2

[sub_resource type="VisualShaderNodeInput" id=16]
input_name = "uv"

[sub_resource type="VisualShaderNodeVectorDecompose" id=17]

[sub_resource type="VisualShaderNodeVectorOp" id=18]
operator = 2

[sub_resource type="VisualShaderNodeVectorCompose" id=19]

[sub_resource type="VisualShader" id=20]
code = "shader_type canvas_item;
uniform vec4 Old_Color : hint_color;
uniform vec4 New_Color : hint_color;
uniform float TransitionTime;
uniform sampler2D Noise;
uniform sampler2D Sprite;



void vertex() {
// Output:0

}

void fragment() {
// ColorUniform:13
	vec3 n_out13p0;
	float n_out13p1;
	n_out13p0 = Old_Color.rgb;
	n_out13p1 = Old_Color.a;

// ColorUniform:12
	vec3 n_out12p0;
	float n_out12p1;
	n_out12p0 = New_Color.rgb;
	n_out12p1 = New_Color.a;

// ScalarUniform:23
	float n_out23p0;
	n_out23p0 = TransitionTime;

// ScalarOp:30
	float n_in30p1 = 2.00000;
	float n_out30p0;
	n_out30p0 = n_out23p0 * n_in30p1;

// Input:4
	vec3 n_out4p0;
	n_out4p0 = vec3(UV,0.0);

// TextureUniform:16
	vec3 n_out16p0;
	float n_out16p1;
	{
		vec4 n_tex_read = texture( Noise , n_out4p0.xy );
		n_out16p0 = n_tex_read.rgb;
		n_out16p1 = n_tex_read.a;
	}

// VectorDecompose:14
	float n_out14p0;
	float n_out14p1;
	float n_out14p2;
	n_out14p0 = n_out4p0.x;
	n_out14p1 = n_out4p0.y;
	n_out14p2 = n_out4p0.z;

// ScalarOp:22
	float n_out22p0;
	n_out22p0 = dot(n_out16p0,vec3(0.333333,0.333333,0.333333)) - n_out14p1;

// ScalarOp:24
	float n_out24p0;
	n_out24p0 = n_out30p0 + n_out22p0;

// ScalarFunc:20
	float n_out20p0;
	n_out20p0 = floor(n_out24p0);

// ScalarOp:29
	float n_in29p1 = 0.00000;
	float n_out29p0;
	n_out29p0 = max( n_out20p0 , n_in29p1 );

// ScalarOp:28
	float n_in28p1 = 1.00000;
	float n_out28p0;
	n_out28p0 = min( n_out29p0 , n_in28p1 );

// VectorInterp:25
	vec3 n_out25p0;
	n_out25p0 = mix( n_out13p0 , n_out12p0 , vec3(n_out28p0) );

// TextureUniform:3
	vec3 n_out3p0;
	float n_out3p1;
	{
		vec4 n_tex_read = texture( Sprite , n_out4p0.xy );
		n_out3p0 = n_tex_read.rgb;
		n_out3p1 = n_tex_read.a;
	}

// VectorDecompose:5
	float n_out5p0;
	float n_out5p1;
	float n_out5p2;
	n_out5p0 = n_out3p0.x;
	n_out5p1 = n_out3p0.y;
	n_out5p2 = n_out3p0.z;

// VectorCompose:9
	vec3 n_out9p0;
	n_out9p0 = vec3( n_out5p2 , n_out5p2 , n_out5p2 );

// VectorOp:7
	vec3 n_out7p0;
	n_out7p0 = n_out25p0 * n_out9p0;

// Output:0
	COLOR.rgb = n_out7p0;
	COLOR.a = n_out3p1;

}

void light() {
// Output:0

}
"
graph_offset = Vector2( -356.625, -288.31 )
mode = 1
flags/light_only = false
nodes/fragment/0/position = Vector2( 2680, 320 )
nodes/fragment/3/node = SubResource( 14 )
nodes/fragment/3/position = Vector2( -440, 440 )
nodes/fragment/4/node = SubResource( 16 )
nodes/fragment/4/position = Vector2( -860, 240 )
nodes/fragment/5/node = SubResource( 17 )
nodes/fragment/5/position = Vector2( 240, 660 )
nodes/fragment/7/node = SubResource( 18 )
nodes/fragment/7/position = Vector2( 2200, 60 )
nodes/fragment/9/node = SubResource( 19 )
nodes/fragment/9/position = Vector2( 700, 660 )
nodes/fragment/12/node = SubResource( 3 )
nodes/fragment/12/position = Vector2( 980, -300 )
nodes/fragment/13/node = SubResource( 4 )
nodes/fragment/13/position = Vector2( 1060, -560 )
nodes/fragment/14/node = SubResource( 5 )
nodes/fragment/14/position = Vector2( -380, 60 )
nodes/fragment/16/node = SubResource( 6 )
nodes/fragment/16/position = Vector2( -360, -320 )
nodes/fragment/20/node = SubResource( 7 )
nodes/fragment/20/position = Vector2( 980, 0 )
nodes/fragment/22/node = SubResource( 8 )
nodes/fragment/22/position = Vector2( 160, -260 )
nodes/fragment/23/node = SubResource( 9 )
nodes/fragment/23/position = Vector2( 60, -460 )
nodes/fragment/24/node = SubResource( 10 )
nodes/fragment/24/position = Vector2( 620, -40 )
nodes/fragment/25/node = SubResource( 11 )
nodes/fragment/25/position = Vector2( 1540, -220 )
nodes/fragment/28/node = SubResource( 12 )
nodes/fragment/28/position = Vector2( 1520, 80 )
nodes/fragment/29/node = SubResource( 13 )
nodes/fragment/29/position = Vector2( 1200, 180 )
nodes/fragment/30/node = SubResource( 15 )
nodes/fragment/30/position = Vector2( 440, -500 )
nodes/fragment/connections = PoolIntArray( 4, 0, 3, 0, 3, 0, 5, 0, 5, 2, 9, 0, 5, 2, 9, 1, 5, 2, 9, 2, 3, 1, 0, 1, 9, 0, 7, 1, 4, 0, 14, 0, 4, 0, 16, 0, 14, 1, 22, 1, 25, 0, 7, 0, 24, 0, 20, 0, 16, 0, 22, 0, 28, 0, 25, 2, 29, 0, 28, 0, 20, 0, 29, 0, 7, 0, 0, 0, 23, 0, 30, 0, 22, 0, 24, 1, 30, 0, 24, 0, 13, 0, 25, 0, 12, 0, 25, 1 )

[sub_resource type="OpenSimplexNoise" id=21]
seed = 3
octaves = 2
period = 128.0
lacunarity = 0.6

[sub_resource type="NoiseTexture" id=22]
noise = SubResource( 21 )

[sub_resource type="ShaderMaterial" id=23]
shader = SubResource( 20 )
shader_param/Old_Color = Color( 1, 0, 0, 1 )
shader_param/New_Color = Color( 1, 0, 0, 1 )
shader_param/TransitionTime = 0.0
shader_param/Noise = SubResource( 22 )
shader_param/Sprite = ExtResource( 1 )

[sub_resource type="GDScript" id=24]
script/source = "extends Sprite

export (float) var transitionTime = 1

func _ready():
	pass # Replace with function body.

var timePassed = 0

func _process(delta):
	timePassed = timePassed + delta
	material.set_shader_param(\"TransitionTime\",timePassed / transitionTime)

var oldColor = material.get_shader_param(\"New_Color\")
func changeColor(newColor):
	material.get_shader_param(\"Noise\").noise.seed = randi()
	
	material.set_shader_param(\"New_Color\",newColor)
	material.set_shader_param(\"Old_Color\",oldColor)
	material.set_shader_param(\"TransitionTime\",0)
	timePassed = 0
	oldColor = newColor
	
"

[sub_resource type="GDScript" id=25]
script/source = "extends Node2D

# Declare member variables here. Examples:
# var a = 2
# var b = \"text\"
export (float) var killTime = 5

var total = 0
# Called when the node enters the scene tree for the first time.
func _ready():
	visible = true
	pass # Replace with function body.

# Called every frame. 'delta' is the elapsed time since the previous frame.
func _process(delta):
	total = total + delta
	if total > killTime:
		queue_free()
#	pass
"

[sub_resource type="GDScript" id=26]

[node name="Player" type="KinematicBody2D"]
script = SubResource( 1 )

[node name="CollisionShape2D" type="CollisionShape2D" parent="."]
z_index = 1
shape = SubResource( 2 )

[node name="Sprite" type="Sprite" parent="."]
material = SubResource( 23 )
position = Vector2( 0.131943, 0 )
scale = Vector2( 1.02964, 1.71798 )
texture = ExtResource( 1 )
script = SubResource( 24 )

[node name="PropertiesManager" parent="." instance=ExtResource( 2 )]
visible = false

[node name="Node2D" type="Node2D" parent="."]
visible = false
scale = Vector2( 2, 2 )
z_index = 100
script = SubResource( 25 )

[node name="Label" type="Label" parent="Node2D"]
visible = false
margin_left = -241.0
margin_right = 241.0
margin_bottom = 149.0
text = "WASD to move
P Toggles Properties Manager
Expirement with the properties and let me
know if you find something that \"feels\" right.
(send screenshot)"
script = SubResource( 26 )
