[gd_scene load_steps=37 format=2]

[ext_resource path="res://icon.png" type="Texture" id=1]
[ext_resource path="res://elements/PropertiesEditor/PropertiesManager.tscn" type="PackedScene" id=2]

[sub_resource type="GDScript" id=1]
script/source = "extends Node2D

var value1 = 2
var value2 = -2.0/3

var editable = [
    {\"name\":\"value1\",\"type\":\"float\",\"range\":[0,3]},
    {\"name\":\"value2\",\"type\":\"float\",\"range\":[-2,2]},
	]


func _ready():
	pass

func _process(delta):
	$icon.material.set_shader_param(\"Test1\",value1)
	$icon.material.set_shader_param(\"Test2\",value2)
	pass"

[sub_resource type="VisualShaderNodeScalarOp" id=2]

[sub_resource type="VisualShaderNodeVectorOp" id=3]
default_input_values = [ 0, Vector3( 0, 0, 0 ), 1, Vector3( 0.5, 0.5, 0 ) ]
operator = 1

[sub_resource type="VisualShaderNodeInput" id=4]
input_name = "uv"

[sub_resource type="VisualShaderNodeVectorLen" id=5]

[sub_resource type="VisualShaderNodeScalarOp" id=6]

[sub_resource type="VisualShaderNodeScalarOp" id=7]
default_input_values = [ 0, 0.0, 1, 0.5 ]
operator = 2

[sub_resource type="VisualShaderNodeScalarFunc" id=8]
function = 14

[sub_resource type="VisualShaderNodeVectorCompose" id=9]

[sub_resource type="VisualShaderNodeScalarOp" id=10]

[sub_resource type="VisualShaderNodeVectorDecompose" id=11]

[sub_resource type="VisualShaderNodeInput" id=12]
input_name = "time"

[sub_resource type="VisualShaderNodeScalarOp" id=13]
default_input_values = [ 0, 0.0, 1, 0.25 ]
operator = 2

[sub_resource type="VisualShaderNodeScalarOp" id=14]
default_input_values = [ 0, 0.0, 1, 0.1 ]
operator = 2

[sub_resource type="VisualShaderNodeScalarOp" id=15]

[sub_resource type="VisualShaderNodeScalarOp" id=16]
default_input_values = [ 0, 1.0, 1, 0.0 ]
operator = 1

[sub_resource type="VisualShaderNodeScalarOp" id=17]
default_input_values = [ 0, 1.0, 1, 1.0 ]
operator = 2

[sub_resource type="VisualShaderNodeScalarUniform" id=18]
uniform_name = "Test1"

[sub_resource type="VisualShaderNodeScalarOp" id=19]
default_input_values = [ 0, 1.0, 1, 0.0 ]
operator = 1

[sub_resource type="VisualShaderNodeInput" id=20]
input_name = "uv"

[sub_resource type="VisualShaderNodeScalarUniform" id=21]
uniform_name = "Test2"

[sub_resource type="VisualShaderNodeScalarOp" id=22]

[sub_resource type="VisualShaderNodeTextureUniform" id=23]
uniform_name = "Main"

[sub_resource type="VisualShaderNodeTextureUniform" id=24]
uniform_name = "noise"

[sub_resource type="VisualShaderNodeTextureUniform" id=25]
uniform_name = "noise2"

[sub_resource type="VisualShaderNodeInput" id=26]
input_name = "time"

[sub_resource type="VisualShaderNodeVectorCompose" id=27]

[sub_resource type="VisualShaderNodeVectorDecompose" id=28]

[sub_resource type="VisualShader" id=29]
code = "shader_type canvas_item;
uniform float Test1;
uniform sampler2D noise;
uniform sampler2D noise2;
uniform float Test2;



void vertex() {
// Output:0

}

void fragment() {
// Input:14
	vec3 n_out14p0;
	n_out14p0 = vec3(UV,0.0);

// VectorOp:13
	vec3 n_in13p1 = vec3(0.50000,0.50000,0.00000);
	vec3 n_out13p0;
	n_out13p0 = n_out14p0 - n_in13p1;

// VectorLen:15
	float n_out15p0;
	n_out15p0 = length( n_out13p0 );

// ScalarOp:26
	float n_in26p0 = 1.00000;
	float n_out26p0;
	n_out26p0 = n_in26p0 - n_out15p0;

// ScalarUniform:28
	float n_out28p0;
	n_out28p0 = Test1;

// ScalarOp:27
	float n_out27p0;
	n_out27p0 = n_out26p0 * n_out28p0;

// Input:3
	vec3 n_out3p0;
	n_out3p0 = vec3(UV,0.0);

// VectorDecompose:21
	float n_out21p0;
	float n_out21p1;
	float n_out21p2;
	n_out21p0 = n_out3p0.x;
	n_out21p1 = n_out3p0.y;
	n_out21p2 = n_out3p0.z;

// Input:22
	float n_out22p0;
	n_out22p0 = TIME;

// ScalarOp:23
	float n_in23p1 = 0.25000;
	float n_out23p0;
	n_out23p0 = n_out22p0 * n_in23p1;

// ScalarOp:20
	float n_out20p0;
	n_out20p0 = n_out21p0 + n_out23p0;

// VectorCompose:19
	float n_in19p2 = 0.00000;
	vec3 n_out19p0;
	n_out19p0 = vec3( n_out20p0 , n_out21p1 , n_in19p2 );

// TextureUniform:5
	vec3 n_out5p0;
	float n_out5p1;
	{
		vec4 n_tex_read = texture( noise , n_out19p0.xy );
		n_out5p0 = n_tex_read.rgb;
		n_out5p1 = n_tex_read.a;
	}

// VectorDecompose:9
	float n_out9p0;
	float n_out9p1;
	float n_out9p2;
	n_out9p0 = n_out3p0.x;
	n_out9p1 = n_out3p0.y;
	n_out9p2 = n_out3p0.z;

// Input:7
	float n_out7p0;
	n_out7p0 = TIME;

// ScalarOp:24
	float n_in24p1 = 0.10000;
	float n_out24p0;
	n_out24p0 = n_out7p0 * n_in24p1;

// ScalarOp:10
	float n_out10p0;
	n_out10p0 = n_out9p1 + n_out24p0;

// VectorCompose:8
	float n_in8p2 = 0.00000;
	vec3 n_out8p0;
	n_out8p0 = vec3( n_out9p0 , n_out10p0 , n_in8p2 );

// TextureUniform:6
	vec3 n_out6p0;
	float n_out6p1;
	{
		vec4 n_tex_read = texture( noise2 , n_out8p0.xy );
		n_out6p0 = n_tex_read.rgb;
		n_out6p1 = n_tex_read.a;
	}

// ScalarOp:16
	float n_out16p0;
	n_out16p0 = dot(n_out5p0,vec3(0.333333,0.333333,0.333333)) + dot(n_out6p0,vec3(0.333333,0.333333,0.333333));

// ScalarOp:17
	float n_in17p1 = 0.50000;
	float n_out17p0;
	n_out17p0 = n_out16p0 * n_in17p1;

// ScalarOp:25
	float n_out25p0;
	n_out25p0 = n_out27p0 + n_out17p0;

// ScalarUniform:30
	float n_out30p0;
	n_out30p0 = Test2;

// ScalarOp:31
	float n_out31p0;
	n_out31p0 = n_out25p0 + n_out30p0;

// ScalarFunc:18
	float n_out18p0;
	n_out18p0 = floor(n_out31p0);

// Output:0
	COLOR.rgb = n_out14p0;
	COLOR.a = n_out18p0;

}

void light() {
// Output:0

}
"
graph_offset = Vector2( -145.75, -210 )
mode = 1
flags/light_only = false
nodes/fragment/0/position = Vector2( 1700, 40 )
nodes/fragment/3/node = SubResource( 20 )
nodes/fragment/3/position = Vector2( -980, 40 )
nodes/fragment/4/node = SubResource( 23 )
nodes/fragment/4/position = Vector2( -20, -140 )
nodes/fragment/5/node = SubResource( 24 )
nodes/fragment/5/position = Vector2( -40, 60 )
nodes/fragment/6/node = SubResource( 25 )
nodes/fragment/6/position = Vector2( -40, 240 )
nodes/fragment/7/node = SubResource( 26 )
nodes/fragment/7/position = Vector2( -1000, 360 )
nodes/fragment/8/node = SubResource( 27 )
nodes/fragment/8/position = Vector2( -280, 240 )
nodes/fragment/9/node = SubResource( 28 )
nodes/fragment/9/position = Vector2( -680, 200 )
nodes/fragment/10/node = SubResource( 2 )
nodes/fragment/10/position = Vector2( -460, 260 )
nodes/fragment/13/node = SubResource( 3 )
nodes/fragment/13/position = Vector2( 460, -300 )
nodes/fragment/14/node = SubResource( 4 )
nodes/fragment/14/position = Vector2( 280, -140 )
nodes/fragment/15/node = SubResource( 5 )
nodes/fragment/15/position = Vector2( 720, -140 )
nodes/fragment/16/node = SubResource( 6 )
nodes/fragment/16/position = Vector2( 278, 155 )
nodes/fragment/17/node = SubResource( 7 )
nodes/fragment/17/position = Vector2( 560, 180 )
nodes/fragment/18/node = SubResource( 8 )
nodes/fragment/18/position = Vector2( 1460, 120 )
nodes/fragment/19/node = SubResource( 9 )
nodes/fragment/19/position = Vector2( -280, -200 )
nodes/fragment/20/node = SubResource( 10 )
nodes/fragment/20/position = Vector2( -460, -280 )
nodes/fragment/21/node = SubResource( 11 )
nodes/fragment/21/position = Vector2( -700, -240 )
nodes/fragment/22/node = SubResource( 12 )
nodes/fragment/22/position = Vector2( -680, -80 )
nodes/fragment/23/node = SubResource( 13 )
nodes/fragment/23/position = Vector2( -460, -120 )
nodes/fragment/24/node = SubResource( 14 )
nodes/fragment/24/position = Vector2( -740, 340 )
nodes/fragment/25/node = SubResource( 15 )
nodes/fragment/25/position = Vector2( 880, 160 )
nodes/fragment/26/node = SubResource( 16 )
nodes/fragment/26/position = Vector2( 980, -160 )
nodes/fragment/27/node = SubResource( 17 )
nodes/fragment/27/position = Vector2( 1180, -140 )
nodes/fragment/28/node = SubResource( 18 )
nodes/fragment/28/position = Vector2( 920, -40 )
nodes/fragment/29/node = SubResource( 19 )
nodes/fragment/29/position = Vector2( 820, -280 )
nodes/fragment/30/node = SubResource( 21 )
nodes/fragment/30/position = Vector2( 1060, 260 )
nodes/fragment/31/node = SubResource( 22 )
nodes/fragment/31/position = Vector2( 1260, 200 )
nodes/fragment/connections = PoolIntArray( 3, 0, 4, 0, 9, 1, 10, 0, 10, 0, 8, 1, 8, 0, 6, 0, 3, 0, 9, 0, 9, 0, 8, 0, 14, 0, 13, 0, 5, 0, 16, 0, 6, 0, 16, 1, 21, 0, 20, 0, 20, 0, 19, 0, 19, 0, 5, 0, 3, 0, 21, 0, 21, 1, 19, 1, 22, 0, 23, 0, 23, 0, 20, 1, 7, 0, 24, 0, 24, 0, 10, 1, 15, 0, 26, 1, 18, 0, 0, 1, 26, 0, 27, 0, 27, 0, 25, 0, 28, 0, 27, 1, 16, 0, 17, 0, 17, 0, 25, 1, 13, 0, 15, 0, 30, 0, 31, 1, 25, 0, 31, 0, 31, 0, 18, 0, 14, 0, 0, 0 )

[sub_resource type="OpenSimplexNoise" id=30]

[sub_resource type="NoiseTexture" id=31]
seamless = true
noise = SubResource( 30 )

[sub_resource type="OpenSimplexNoise" id=32]

[sub_resource type="NoiseTexture" id=33]
seamless = true
noise = SubResource( 32 )

[sub_resource type="ShaderMaterial" id=34]
shader = SubResource( 29 )
shader_param/Test1 = 2.02
shader_param/Test2 = -0.63
shader_param/noise = SubResource( 31 )
shader_param/noise2 = SubResource( 33 )

[node name="warbel test" type="Node2D"]
script = SubResource( 1 )

[node name="icon" type="Sprite" parent="."]
material = SubResource( 34 )
scale = Vector2( 4, 4 )
texture = ExtResource( 1 )

[node name="PropertiesManager" parent="." instance=ExtResource( 2 )]
z_index = 53
